% This file was created with JabRef 2.10b2.
% Encoding: UTF-8

% Uma alternativa é exportar diretamente do Google Scholar/Books a referência no formato BiBTeX.

@Book{feynman,
  Title                    = {Li{\c{c}}{\~o}es de F{\'\i}sica: A Edi{\c{c}}{\~a}o Definitiva, 4 Vols.},
  Volume                   = {2},
  Author                   = {Feynman, R.P. and Leighton, R.B. and Sands, M.},
  Year                     = {2008},
  Address                  = {Porto Alegre},
  Publisher                = {Bookman}
}

@Book{halliday,
  Title                    = {Fundamentos de f{\'\i}sica: volume 3, eletromagnetismo},
  Author                   = {Halliday, D. and Walker, J. and Resnick, R.},
  Address                  = {Rio de Janeiro},
  Year                     = {2016},
  Publisher                = {LTC}
}

@Book{young,
  Title                    = {Sears \& Zemansky F{\'\i}sica III: eletromagnetismo},
  Author                   = {Young, H.D. and Freedman, R.A.},
  Address                  = {São Paulo},
  Year                     = {2016},
  Publisher                = {Pearson Addison Wesley}
}

@Manual{abnTeX22014d,
  Title                    = {O pacote abntex2cite},
  Author                   = {abnTeX2 and Lauro C\{\textquoteright}{e}sar Araujo},
  Organization             = {Equipe abnTeX2},
  Year                     = {2014},

  Bdsk-url-1               = {http://code.google.com/p/abntex2/wiki/Download},
  Pages                    = {91},
  Subtitle                 = {Estilos bibliogr\'{a}ficos compat\'{i}veis com a ABNT NBR 6023},
  Timestamp                = {2014.09.27},
  Url                      = {http://abntex2.googlecode.com/},
  Urlaccessdate            = {12 de setembro de 2014}
}


@Manual{NBR6023:2002,
  Title                    = {{NBR} 6023},
  Address                  = {Rio de Janeiro},
  Month                    = {ago.},
  Organization             = {Associa{\c c}\~ao Brasileira de Normas T\'ecnicas},
  Year                     = {2002},
  Org-short                = {ABNT},
  Pages                    = {24},
  Subtitle                 = {Informa{\c c}\~ao e documenta{\c c}\~ao --- Refer\^encias --- Elabora{\c c}\~ao},
  Timestamp                = {2014.09.27}
}
